<?xml version="1.0" encoding="UTF-8"?>
  <record xmlns="http://www.loc.gov/MARC21/slim" type="Authority">
    <leader>00000nz  a2200000nc 4500</leader>
    <controlfield tag="001">115640045</controlfield>
    <controlfield tag="003">DE-101</controlfield>
    <controlfield tag="005">20080405212228.0</controlfield>
    <controlfield tag="008">970827n||aznnnaabn           | aaa    |c</controlfield>
    <datafield tag="024" ind1="7" ind2=" ">
      <subfield code="a">115640045</subfield>
      <subfield code="0">http://d-nb.info/gnd/115640045</subfield>
      <subfield code="2">gnd</subfield>
    </datafield>
    <datafield tag="035" ind1=" " ind2=" ">
      <subfield code="a">(DE-101)115640045</subfield>
    </datafield>
    <datafield tag="035" ind1=" " ind2=" ">
      <subfield code="a">(DE-588)115640045</subfield>
    </datafield>
    <datafield tag="035" ind1=" " ind2=" ">
      <subfield code="z">(DE-588a)115640045</subfield>
      <subfield code="9">v:zg</subfield>
    </datafield>
    <datafield tag="040" ind1=" " ind2=" ">
      <subfield code="a">DE-12</subfield>
      <subfield code="c">DE-12</subfield>
      <subfield code="9">r:DE-12</subfield>
      <subfield code="b">ger</subfield>
      <subfield code="d">0012</subfield>
    </datafield>
    <datafield tag="042" ind1=" " ind2=" ">
      <subfield code="a">gnd1</subfield>
    </datafield>
    <datafield tag="075" ind1=" " ind2=" ">
      <subfield code="b">p</subfield>
      <subfield code="2">gndgen</subfield>
    </datafield>
    <datafield tag="075" ind1=" " ind2=" ">
      <subfield code="b">piz</subfield>
      <subfield code="2">gndspec</subfield>
    </datafield>
    <datafield tag="079" ind1=" " ind2=" ">
      <subfield code="a">g</subfield>
      <subfield code="q">a</subfield>
      <subfield code="q">f</subfield>
    </datafield>
    <datafield tag="100" ind1="1" ind2=" ">
      <subfield code="a">Tschetschau, Caspar &#152;von&#156;</subfield>
      <subfield code="d">1545-1603</subfield>
    </datafield>
    <datafield tag="400" ind1="1" ind2=" ">
      <subfield code="a">Tschetschau, Kaspar &#152;von&#156;</subfield>
      <subfield code="d">1545-1603</subfield>
    </datafield>
    <datafield tag="400" ind1="1" ind2=" ">
      <subfield code="a">Tschettschau, Caspar &#152;von&#156;</subfield>
      <subfield code="d">1545-1603</subfield>
    </datafield>
    <datafield tag="400" ind1="1" ind2=" ">
      <subfield code="a">Tschettschau, Kaspar &#152;von&#156;</subfield>
      <subfield code="d">1545-1603</subfield>
    </datafield>
    <datafield tag="400" ind1="1" ind2=" ">
      <subfield code="a">Tschetschaw, Caspar &#152;von&#156;</subfield>
      <subfield code="d">1545-1603</subfield>
    </datafield>
    <datafield tag="400" ind1="1" ind2=" ">
      <subfield code="a">Tschetschaw, Kaspar &#152;von&#156;</subfield>
      <subfield code="d">1545-1603</subfield>
    </datafield>
    <datafield tag="400" ind1="1" ind2=" ">
      <subfield code="a">Mettichen, Caspar &#152;von&#156;</subfield>
      <subfield code="d">1545-1603</subfield>
    </datafield>
    <datafield tag="400" ind1="1" ind2=" ">
      <subfield code="a">Mettichen, Kaspar &#152;von&#156;</subfield>
      <subfield code="d">1545-1603</subfield>
    </datafield>
    <datafield tag="400" ind1="1" ind2=" ">
      <subfield code="a">Tschetschau-Mettichen, Caspar &#152;von&#156;</subfield>
      <subfield code="d">1545-1603</subfield>
    </datafield>
    <datafield tag="400" ind1="1" ind2=" ">
      <subfield code="a">Mettichen, Caspar von Tschetschau-</subfield>
      <subfield code="d">1545-1603</subfield>
    </datafield>
    <datafield tag="400" ind1="1" ind2=" ">
      <subfield code="a">Tschetschaw-Mettichen, Caspar &#152;von&#156;</subfield>
      <subfield code="d">1545-1603</subfield>
    </datafield>
    <datafield tag="400" ind1="1" ind2=" ">
      <subfield code="a">Mettichen, Caspar von Tschetschaw-</subfield>
      <subfield code="d">1545-1603</subfield>
    </datafield>
    <datafield tag="400" ind1="1" ind2=" ">
      <subfield code="a">Mettichen, Caspar</subfield>
      <subfield code="d">1545-1603</subfield>
    </datafield>
    <datafield tag="400" ind1="1" ind2=" ">
      <subfield code="a">Mettichen, Kaspar</subfield>
      <subfield code="d">1545-1603</subfield>
    </datafield>
    <datafield tag="400" ind1="1" ind2=" ">
      <subfield code="a">Tschetschau-Mettich, Caspar &#152;von&#156;</subfield>
      <subfield code="d">1545-1603</subfield>
    </datafield>
    <datafield tag="400" ind1="1" ind2=" ">
      <subfield code="a">Tschetschaw-Mettich, Caspar &#152;von&#156;</subfield>
      <subfield code="d">1545-1603</subfield>
    </datafield>
    <datafield tag="400" ind1="1" ind2=" ">
      <subfield code="a">Mettich, Caspar von Tschetschau</subfield>
      <subfield code="d">1545-1603</subfield>
    </datafield>
    <datafield tag="400" ind1="1" ind2=" ">
      <subfield code="a">Mettich, Caspar von Tschetschaw</subfield>
      <subfield code="d">1545-1603</subfield>
    </datafield>
    <datafield tag="400" ind1="1" ind2=" ">
      <subfield code="a">Mettich, Caspar &#152;von&#156;</subfield>
      <subfield code="d">1545-1603</subfield>
    </datafield>
    <datafield tag="400" ind1="1" ind2=" ">
      <subfield code="a">Mettich, Kaspar &#152;von&#156;</subfield>
      <subfield code="d">1545-1603</subfield>
    </datafield>
    <datafield tag="400" ind1="1" ind2=" ">
      <subfield code="a">Mettich, Caspar</subfield>
      <subfield code="d">1545-1603</subfield>
    </datafield>
    <datafield tag="400" ind1="1" ind2=" ">
      <subfield code="a">Tschetschau-Mettichen, Kaspar &#152;von&#156;</subfield>
      <subfield code="d">1545-1603</subfield>
    </datafield>
    <datafield tag="400" ind1="1" ind2=" ">
      <subfield code="a">Tschetschaw-Mettichen, Kaspar &#152;von&#156;</subfield>
      <subfield code="d">1545-1603</subfield>
    </datafield>
    <datafield tag="400" ind1="1" ind2=" ">
      <subfield code="a">Tschetschau-Mettich, Kaspar &#152;von&#156;</subfield>
      <subfield code="d">1545-1603</subfield>
    </datafield>
    <datafield tag="400" ind1="1" ind2=" ">
      <subfield code="a">Tschetschaw-Mettich, Kaspar &#152;von&#156;</subfield>
      <subfield code="d">1545-1603</subfield>
    </datafield>
    <datafield tag="548" ind1=" " ind2=" ">
      <subfield code="a">1545-1603</subfield>
      <subfield code="4">datl</subfield>
      <subfield code="4">https://d-nb.info/standards/elementset/gnd#dateOfBirthAndDeath</subfield>
      <subfield code="w">r</subfield>
      <subfield code="i">Lebensdaten</subfield>
    </datafield>
    <datafield tag="667" ind1=" " ind2=" ">
      <subfield code="a">SWB</subfield>
    </datafield>
    <datafield tag="667" ind1=" " ind2=" ">
      <subfield code="a">VD-17</subfield>
    </datafield>
    <datafield tag="672" ind1=" " ind2="0">
      <subfield code="a">Clodwig, Johannes: De peregrinatione fidelium, das ist von der geistlichen Wanderschafft aller christgleubigen Pilgerßleute ... - 1603</subfield>
    </datafield>
    <datafield tag="913" ind1=" " ind2=" ">
      <subfield code="S">pnd</subfield>
      <subfield code="i">a</subfield>
      <subfield code="a">Tschetschau, Caspar /von</subfield>
      <subfield code="0">(DE-588a)115640045</subfield>
    </datafield>
  </record>
